@book
{
	Kopka,
	author 		= {Helmut Kopka},
	title		= {{\LaTeX}, Band 1: Einführung},
	publisher	= {Pearson Education Deutschland GmbH},
	address		= {D-81829 München},
	edition		= {3},
	volume		= {1},
	year		= {2002},
	pages		= {521},
	isbn		= {3-8273-7038-8}
}

@book
{
	Tanenbaum,
	author 		= {Andrew S. Tanenbaum},
	title		= {{Modern Operating Systems}},
	publisher	= {Prentice Hall},
	address		= {NJ 07458},
	edition		= {2},
	year		= {2001},
	pages		= {951},
	isbn		= {0-13-031358-0}
}

@inbook
{
	TanenbaumSecurity,
	author 		= {Andrew S. Tanenbaum},
	booktitle	= {{Modern Operating Systems}},
	chapter		= {9},
	pages		= {583-670},
	publisher	= {Prentice Hall},
	address		= {NJ 07458},
	edition		= {2},
	year		= {2001},
	pages		= {951},
	isbn		= {0-13-031358-0}
}

@misc
{	
	argus,
	author 		= {Argus System Group},
	url 		= {http://www.argus-systems.com}
}

@misc
{	
	secstats,
	author 		= {Securitystats},
	url 		= {http://www.securitystats.com/}
}

@misc
{
	VMwareManual,
	title		= {VMware Manual (online verfügbar)},
	author 		= {VMware Inc.},
	url 		= {http://www.vmware.com/support/}
}

@misc
{
	secDebian,
	title		= {{Securing Debian Manual}},
	author 		= {Alexander Reelsen and Javier Fern\'andez-Sanguino Peña},
	url 		= {http://www.linuxsecurity.com/docs/harden-doc/html/secuting-debian-howto/}
}

@misc
{
	secHowto,
	title		= {{Linux Security-HOWTO}},
	author 		= {Kevin Fenzi},
	url 		= {http://tldp.org/HOWTO/Security-HOWTO/}
}


@misc
{
	installLinux73,
	title		= {{The Official Red Hat Linux x86 Installation Guide, RedHat Release 7.3}},
	author 		= {Red Hat Inc.},
	url 		= {http://ftp.ind.net/pub/mirrors/ftp.redhat.com/redhat/linux/7.3/de/doc/RH-DOCS/rhl-ig-x86-en-7.3/index.html}
}


@misc
{
	installLinuxCurrent,
	title		= {{Red Hat Manuals}},
	author 		= {Red Hat Inc.},
	url 		= {http://www.redhat.com/docs/manuals/}
}

@misc
{
	pam,
	title		= {{PAM Dokumentation}},
	author 		= {Andrew G. Morgan},
	url 		= {http://www.kernel.org/pub/linux/libs/pam/}
}

@misc
{
	ctexploit,
	title		= {{Das Sicherheitsloch}, c't 23/2001,S.216},
	author 		= {Stephan Kallnik and Daniel Pape and Daniel Schröter and Stefan Strobel},
	url 		= {http://www.heise.de/ct/01/23/216/}
}

@misc
{
	phrackexploit,
	title		= {{Smashing the Stuck for fun}},
	author 		= {},
	url 		= {http://www.phrack.org/show.php?p=498&a=14}
}

@book
{
	FSInternals,
	author 		= {Rajeev Nagar},
	title		= {{Windows NT File System Internals}},
	publisher	= {O'Reilly},
	address		= {Sebastopol, CA 95472},
	edition		= {1},
	year		= {1997},
	pages		= {774},
	isbn		= {1-56592-249-2}
}

@misc
{
	ext2ifs,
	title		= {{EXT2 IFS for Windows NT}},
	author 		= {John Newbigin},
	url 		= {http://uranus.it.swin.edu.au/~jn/linux/ext2ifs.htm}
}

@misc
{
	winext2fsd,
	title		= {{Ext2 File System Driver for Windows NT}},
	author 		= {Manoj Joseph},
	url 		= {http://sourceforge.net/projects/winext2fsd}
}

@misc
{
	ext2fsd,
	title		= {{Ext2 File System Driver}},
	author 		= {Matt Wu},
	url 		= {http://sys.xiloo.com/projects/projects.htm#ext2fsd}
}

@misc
{
	mergeFS,
	title		= {{Merging NT and UNIX Filesystem Permissions}},
	author 		= {Dave Hitz and others},
	url 		= {http://www.usenix.org/publications/library/proceedings/lisa97/failsafe/usenix-nt98/full_papers/hitz/hitz_html/hitz.html}
}

@misc
{
	codeStd,
	title		= {{GNU Coding Standards}},
	author 		= {Richard Stallman and others},
	url 		= {http://www.gnu.org/prep/standards_toc.html}
}

@book
{
	understandingKernel,
	author 		= {Daniel P. Bovet and Marco Cesati},
	title		= {{Understanding the Linux kernel}},
	publisher	= {O'Reilly},
	address		= {Sebastopol, CA 95472},
	edition		= {1},
	year		= {2000},
	pages		= {536},
	isbn		= {0-596-00002-2}
}

@inbook
{
	understandingKernel17,
	author 		= {Daniel P. Bovet and Marco Cesati},
	booktitle		= {{Understanding the Linux kernel}},
	chapter		= {17},
	pages			= {451-475},
	publisher	= {O'Reilly},
	address		= {Sebastopol, CA 95472},
	edition		= {1},
	year		= {2000},
	pages		= {536},
	isbn		= {0-596-00002-2}
}

@masterthesis
{
	Ext2fuerXP,
	author	=	{Daniel Lüönd and Daniel Zwirner and Jürg Krebs},
	title	=	{{Ext2 Dateisystemtreiber für Windows XP}},
	year	=	{2002},
	url 		= {http://sourceforge.net/projects/ext2forxp/}
}

@book
{
  Fowler03,
	author = {Martin Fowler},
	title = {{Patterns of Enterprise Application Architecture}},
	publisher = {Addison Wesley},
	year = {2003},
	pages	= {560},
	isbn		= {0-321-12742-0},
	keywords = {Software Architecture},
	keywords = {Patterns} 
}

@misc
{
	CodeSmith,
	title		= {{CodeSmith Homepage}},
	author 		= {Eric J. Smith},
	url 		= {http://www.ericjsmith.net/codesmith/}
}

@misc
{
	ObjNet,
	title		= {{an object-to-relational persistence tool for the .NET platform}},
	author 		= {Richard Beauchamp},
	url 		= {http://ojb-net.sourceforge.net/index.html}
}

@misc
{
	RapTier,
	title		= {{RapTier, template based code generation tool}},
	author 		= {SharpPower Corp.},
	url 		= {www.2lkit.com/Products/RapTier/Default.aspx}
}

@book
{
  Gamma97,
  author = {Erich Gamma and Richard Helm and Ralph Johnson and John Vlissides},
  title = {Design Patterns: Elements od Reusable Object-Oriented Software},
  year = {1997},
  pages = {416}, 
  isbn = {0-201-63361-2},
  publisher = {{ Addison-Wesley} Publishing Company},
  address = {New York}
}

@misc
{
	MSPatterns1,
	title = {Microsoft patterns and best practices},
	author = {Microsoft},
	url = {http://msdn.microsoft.com/architecture/patterns/MSpatterns/}
}

@misc
{
	Coco/R,
	title = {{Coco/R, compiler generation tool for C\#}},
	author = {University Linz and ETH Zürich},
	url = {http://dotnet.jku.at/projects/rotor/}
}